<record><leader>00000cas a2200000 a 4500</leader><controlfield tag="001">13763517</controlfield><controlfield tag="008">860623d19311934nyuwr ne      0    0rus  </controlfield><datafield ind1=" " ind2=" " tag="010"><subfield code="a">sn 86071647 </subfield></datafield><datafield ind1=" " ind2=" " tag="040"><subfield code="a">DLC</subfield><subfield code="b">eng</subfield><subfield code="c">DLC</subfield><subfield code="d">YOX</subfield><subfield code="d">NYS</subfield><subfield code="d">NVF</subfield><subfield code="d">DLC</subfield><subfield code="d">OCLCO</subfield><subfield code="d">OCLCQ</subfield><subfield code="d">OCLCF</subfield><subfield code="d">NOC</subfield><subfield code="d">OCLCO</subfield></datafield><datafield ind1=" " ind2=" " tag="066"><subfield code="c">(N</subfield><subfield code="c">(Q</subfield></datafield><datafield ind1="1" ind2=" " tag="029"><subfield code="a">AU@</subfield><subfield code="b">000025788739</subfield></datafield><datafield ind1="0" ind2=" " tag="041"><subfield code="a">rus</subfield><subfield code="a">eng</subfield></datafield><datafield ind1=" " ind2=" " tag="042"><subfield code="a">pcc</subfield></datafield><datafield ind1=" " ind2=" " tag="043"><subfield code="a">n-us-ny</subfield></datafield><datafield ind1="0" ind2="0" tag="050"><subfield code="a">Newspaper</subfield></datafield><datafield ind1="0" ind2="0" tag="245"><subfield code="6">880-01</subfield><subfield code="a">Russkai&#65056;a&#65057; gazeta =</subfield><subfield code="b">Russkaya gazetta.</subfield></datafield><datafield ind1="3" ind2="1" tag="246"><subfield code="a">Russkaya gazetta</subfield></datafield><datafield ind1=" " ind2=" " tag="260"><subfield code="a">New York, N.Y. :</subfield><subfield code="b">Russian Press Pub. Co.,</subfield><subfield code="c">1931-1934.</subfield></datafield><datafield ind1=" " ind2=" " tag="300"><subfield code="a">v. :</subfield><subfield code="b">ill., ports. ; 57 cm</subfield></datafield><datafield ind1=" " ind2=" " tag="310"><subfield code="a">Weekly,</subfield><subfield code="b">Apr. 10, 1932-1934</subfield></datafield><datafield ind1=" " ind2=" " tag="321"><subfield code="a">Weekly,</subfield><subfield code="b">1931-Jan. 1, 1932</subfield></datafield><datafield ind1=" " ind2=" " tag="321"><subfield code="a">Semiweekly,</subfield><subfield code="b">Jan. 7-Apr. 3, 1932</subfield></datafield><datafield ind1="0" ind2=" " tag="362"><subfield code="a">Vol. 1, no. 1 (Nov. 29, 1931)-v. 4, no. 133 (Mar. 11, 1934).</subfield></datafield><datafield ind1=" " ind2=" " tag="500"><subfield code="a">Issues for &lt;no. 65 (Nov. 20, 1932)-74 (Jan. 22, 1933&gt; have section titled: Informat&#65056;s&#65057;ionnyi&#774; list Sev. amerikanskogo t&#65056;s&#65057;entra Bratstva russkoi&#774; pravdy.</subfield></datafield><datafield ind1=" " ind2=" " tag="530"><subfield code="a">Also issued on microfilm from the Library of Congress Photoduplication Service, and the New York Public Library.</subfield></datafield><datafield ind1=" " ind2=" " tag="546"><subfield code="a">In Russian with some columns in English.</subfield></datafield><datafield ind1=" " ind2=" " tag="550"><subfield code="6">880-02</subfield><subfield code="a">&quot;Organ t&#65056;s&#65057;entral&#697;nago pravleni&#772;i&#65056;a&#65057; ob&#698;edinennykh russkikh nat&#65056;s&#65057;i&#772;onal&#697;nykh organizat&#65056;s&#65057;i&#772;i&#774;.&quot;</subfield></datafield><datafield ind1=" " ind2="0" tag="650"><subfield code="a">Russians</subfield><subfield code="z">New York (State)</subfield><subfield code="v">Newspapers.</subfield></datafield><datafield ind1=" " ind2="0" tag="650"><subfield code="a">Russian Americans</subfield><subfield code="z">New York (State)</subfield><subfield code="v">Newspapers.</subfield></datafield><datafield ind1=" " ind2="0" tag="651"><subfield code="a">New York (N.Y.)</subfield><subfield code="v">Newspapers.</subfield></datafield><datafield ind1=" " ind2="7" tag="650"><subfield code="a">Russian Americans.</subfield><subfield code="2">fast</subfield><subfield code="0">(OCoLC)fst01101969</subfield></datafield><datafield ind1=" " ind2="7" tag="650"><subfield code="a">Russians.</subfield><subfield code="2">fast</subfield><subfield code="0">(OCoLC)fst01102429</subfield></datafield><datafield ind1=" " ind2="7" tag="651"><subfield code="a">New York (State)</subfield><subfield code="2">fast</subfield><subfield code="0">(OCoLC)fst01210280</subfield></datafield><datafield ind1=" " ind2="7" tag="651"><subfield code="a">New York (State)</subfield><subfield code="z">New York.</subfield><subfield code="2">fast</subfield><subfield code="0">(OCoLC)fst01204333</subfield></datafield><datafield ind1=" " ind2="7" tag="655"><subfield code="a">Advertisements.</subfield><subfield code="2">rbgenr</subfield></datafield><datafield ind1=" " ind2="7" tag="655"><subfield code="a">Russian e&#769;migre&#769; political periodicals.</subfield><subfield code="2">local</subfield></datafield><datafield ind1=" " ind2="7" tag="655"><subfield code="a">Russian e&#769;migre&#769; literary periodicals.</subfield><subfield code="2">local</subfield></datafield><datafield ind1=" " ind2="7" tag="655"><subfield code="a">Russian e&#769;migre&#769; religious periodicals.</subfield><subfield code="2">local</subfield></datafield><datafield ind1=" " ind2="7" tag="655"><subfield code="a">Russian e&#769;migre&#769; arts periodicals.</subfield><subfield code="2">local</subfield></datafield><datafield ind1=" " ind2="7" tag="655"><subfield code="a">Newspapers.</subfield><subfield code="2">fast</subfield><subfield code="0">(OCoLC)fst01423814</subfield></datafield><datafield ind1="2" ind2=" " tag="710"><subfield code="a">Ob&#698;edinenni&#772;e russkikh nat&#65056;s&#65057;ional&#697;nykh organizat&#65056;s&#65057;i&#772;i&#774;.</subfield><subfield code="b">T&#65056;s&#65057;entral&#697;noe pravlenie.</subfield></datafield><datafield ind1="0" ind2="2" tag="740"><subfield code="6">880-03</subfield><subfield code="a">Informat&#65056;s&#65057;ionnyi&#774; list Sev. amerikanskogo t&#65056;s&#65057;entra Bratstva russkoi&#774; pravdy.</subfield></datafield><datafield ind1=" " ind2=" " tag="752"><subfield code="a">United States</subfield><subfield code="b">New York</subfield><subfield code="c">New York</subfield><subfield code="d">New York.</subfield></datafield><datafield ind1="0" ind2="0" tag="880"><subfield code="6">245-01/(N</subfield><subfield code="a">&#1056;&#1091;&#1089;&#1089;&#1082;&#1072;&#1103; &#1075;&#1072;&#1079;&#1077;&#1090;&#1072; =</subfield><subfield code="b">Russkaya gazetta.</subfield></datafield><datafield ind1=" " ind2=" " tag="880"><subfield code="6">550-02/(N</subfield><subfield code="a">&quot;&#1054;&#1088;&#1075;&#1072;&#1085; &#1094;&#1077;&#1085;&#1090;&#1088;&#1072;&#1083;&#1100;&#1085;&#1072;&#1075;&#1086; &#1087;&#1088;&#1072;&#1074;&#1083;&#1077;&#1085;&#1110;&#1103; &#1086;&#1073;&#1098;&#1077;&#1076;&#1080;&#1085;&#1077;&#1085;&#1085;&#1099;&#1093; &#1088;&#1091;&#1089;&#1089;&#1082;&#1080;&#1093; &#1085;&#1072;&#1094;&#1110;&#1086;&#1085;&#1072;&#1083;&#1100;&#1085;&#1099;&#1093; &#1086;&#1088;&#1075;&#1072;&#1085;&#1080;&#1079;&#1072;&#1094;&#1110;&#1081;.&quot;</subfield></datafield><datafield ind1="0" ind2="2" tag="880"><subfield code="6">740-03/(N</subfield><subfield code="a">&#1048;&#1085;&#1092;&#1086;&#1088;&#1084;&#1072;&#1094;&#1080;&#1086;&#1085;&#1085;&#1099;&#1081; &#1083;&#1080;&#1089;&#1090; &#1057;&#1077;&#1074;. &#1072;&#1084;&#1077;&#1088;&#1080;&#1082;&#1072;&#1085;&#1089;&#1082;&#1086;&#1075;&#1086; &#1094;&#1077;&#1085;&#1090;&#1088;&#1072; &#1041;&#1088;&#1072;&#1090;&#1089;&#1090;&#1074;&#1072; &#1088;&#1091;&#1089;&#1089;&#1082;&#1086;&#1081; &#1087;&#1088;&#1072;&#1074;&#1076;&#1099;.</subfield></datafield></record>